@article{chatterjee2015matrix,
	title={Matrix estimation by universal singular value thresholding},
	author={Chatterjee, Sourav and others},
	journal={The Annals of Statistics},
	volume={43},
	number={1},
	pages={177--214},
	year={2015},
	publisher={Institute of Mathematical Statistics},
	note = { \\ \url{https://arxiv.org/pdf/1212.1247.pdf}}
}

@inproceedings{arthur2007k,
	title={k-means++: The advantages of careful seeding},
	author={Arthur, David and Vassilvitskii, Sergei},
	booktitle={Proceedings of the eighteenth annual ACM-SIAM symposium on Discrete algorithms},
	pages={1027--1035},
	year={2007},
	organization={Society for Industrial and Applied Mathematics},
	note = { \\ \url{http://ilpubs.stanford.edu:8090/778/1/2006-13.pdf}}
}

@article{holland1983SBM,
	title={Stochastic blockmodels: First steps},
	author={Holland, Paul W and Laskey, Kathryn Blackmond and Leinhardt, Samuel},
	journal={Social networks},
	volume={5},
	number={2},
	pages={109--137},
	year={1983},
	publisher={Elsevier},
	note = { \\ \url{https://www.researchgate.net/profile/Kathryn_Laskey/publication/247650049_Stochastic_Blockmodels_First_Steps/links/562e3a5108ae04c2aeb5bb56.pdf}}
}

@inproceedings{mcsherry2001spectral,
	title={Spectral partitioning of random graphs},
	author={McSherry, Frank},
	booktitle={Foundations of Computer Science, 2001. Proceedings. 42nd IEEE Symposium on},
	pages={529--537},
	year={2001},
	organization={IEEE},
	note = { \\ \url{http://www.cc.gatech.edu/~mihail/D.8802readings/mcsherrystoc01.pdf}}
}

@article{karrer2011DCMMSB,
	title={Stochastic blockmodels and community structure in networks},
	author={Karrer, Brian and Newman, Mark EJ},
	journal={Physical Review E},
	volume={83},
	number={1},
	pages={016107},
	year={2011},
	publisher={APS},
	note = { \\ \url{https://arxiv.org/pdf/1008.3926.pdf}}
}

@article{airoldi2008MMSB,
	title={Mixed membership stochastic blockmodels},
	author={Airoldi, Edoardo M and Blei, David M and Fienberg, Stephen E and Xing, Eric P},
	journal={Journal of Machine Learning Research},
	volume={9},
	number={Sep},
	pages={1981--2014},
	year={2008},
	note = { \\ \url{http://www.jmlr.org/papers/volume9/airoldi08a/airoldi08a.pdf}}
}

@inproceedings{yang2012community,
	title={Community-affiliation graph model for overlapping network community detection},
	author={Yang, Jaewon and Leskovec, Jure},
	booktitle={2012 IEEE 12th International Conference on Data Mining},
	pages={1170--1175},
	year={2012},
	organization={IEEE},
	note = { \\ \url{http://www-cs-faculty.stanford.edu/people/jure/pubs/agmfit-icdm12.pdf}}
}

@article{ball2011efficient,
	title={Efficient and principled method for detecting communities in networks},
	author={Ball, Brian and Karrer, Brian and Newman, Mark EJ},
	journal={Physical Review E},
	volume={84},
	number={3},
	pages={036103},
	year={2011},
	publisher={APS},
	note = { \\ \url{https://arxiv.org/pdf/1104.3590.pdf}}
}

@misc{Levina2014pres,
	title = {Overlapping community detection by spectral methods. Presentation.},
	year = 2014,
	url = {http://stat.cornell.edu/sites/cstats/files/Liza%20Levina%20cornell.pdf},
	urldate = {2016-12-15},
	note = { \\ \url{http://stat.cornell.edu/sites/cstats/files/Liza%20Levina%20cornell.pdf} 2016-12-15}
}

@article{mao201GeoNMF,
	title={Provable Symmetric Nonnegative Matrix Factorization for Overlapping Clustering},
	author={Mao, Xueyu and Sarkar, Purnamrita and Chakrabarti, Deepayan},
	journal={arXiv preprint arXiv:1607.00084},
	year={2016},
	note = { \\ \url{https://arxiv.org/pdf/1607.00084v1.pdf}}
}

@article{zhang2014OCCAM,
	title={Detecting overlapping communities in networks using spectral methods},
	author={Zhang, Yuan and Levina, Elizaveta and Zhu, Ji},
	journal={arXiv preprint arXiv:1412.3432},
	year={2014},
	note = { \\ \url{https://arxiv.org/pdf/1412.3432.pdf}}
}

@article{kaufmann2015SAAC,
	title={A Spectral Algorithm with Additive Clustering for the Recovery of Overlapping Communities in Networks},
	author={Kaufmann, Emilie and Bonald, Thomas and Lelarge, Marc},
	journal={arXiv preprint arXiv:1506.04158},
	year={2015},
	note = { \\ \url{https://hal.archives-ouvertes.fr/hal-01163147v2/document} }
}

% Old ones

@article{girvan2002community,
	title={Community structure in social and biological networks},
	author={Girvan, Michelle and Newman, Mark EJ},
	journal={Proceedings of the national academy of sciences},
	volume={99},
	number={12},
	pages={7821--7826},
	year={2002},
	publisher={National Acad Sciences},
	note = { \\ \url{http://arxiv.org/pdf/cond-mat/0112110.pdf} }
}

@inproceedings{yang2013overlapping,
	title={Overlapping community detection at scale: a nonnegative matrix factorization approach},
	author={Yang, Jaewon and Leskovec, Jure},
	booktitle={Proceedings of the sixth ACM international conference on Web search and data mining},
	pages={587--596},
	year={2013},
	organization={ACM},
	note = { \\ \url{http://i.stanford.edu/~crucis/pubs/paper-nmfagm.pdf}}
}

@article{krogan2006global,
	title={Global landscape of protein complexes in the yeast Saccharomyces cerevisiae},
	author={Krogan, Nevan J and Cagney, Gerard and Yu, Haiyuan and Zhong, Gouqing and Guo, Xinghua and Ignatchenko, Alexandr and Li, Joyce and Pu, Shuye and Datta, Nira and Tikuisis, Aaron P and others},
	journal={Nature},
	volume={440},
	number={7084},
	pages={637--643},
	year={2006},
	publisher={Nature Publishing Group},
	note = { \\ \url{http://www.nature.com/nature/journal/v440/n7084/full/nature04670.html}}
}

@inproceedings{backstrom2006group,
	title={Group formation in large social networks: membership, growth, and evolution},
	author={Backstrom, Lars and Huttenlocher, Dan and Kleinberg, Jon and Lan, Xiangyang},
	booktitle={Proceedings of the 12th ACM SIGKDD international conference on Knowledge discovery and data mining},
	pages={44--54},
	year={2006},
	organization={ACM},
	note = { \\ \url{https://www.cs.cornell.edu/home/kleinber/kdd06-comm.pdf}}
}

@book{boyd2004convex,
	title={Convex optimization},
	author={Boyd, Stephen and Vandenberghe, Lieven},
	year={2004},
	publisher={Cambridge university press}
}

@article{gregory2010finding,
	title={Finding overlapping communities in networks by label propagation},
	author={Gregory, Steve},
	journal={New Journal of Physics},
	volume={12},
	number={10},
	pages={103018},
	year={2010},
	publisher={IOP Publishing},
	note = { \\ \url{https://arxiv.org/abs/0910.5516} }
}

@article{lu2015algorithms,
	title={Algorithms and applications for community detection in weighted networks},
	author={Lu, Zongqing and Sun, Xiao and Wen, Yonggang and Cao, Guohong and La Porta, Thomas},
	journal={Parallel and Distributed Systems, IEEE Transactions on},
	volume={26},
	number={11},
	pages={2916--2926},
	year={2015},
	publisher={IEEE},
	note = { \\ \url{http://mcn.cse.psu.edu/paper/zongqing/tpds-zongqing15.pdf} }
}

@article{lancichinetti2009benchmarks,
	title={Benchmarks for testing community detection algorithms on directed and weighted graphs with overlapping communities},
	author={Lancichinetti, Andrea and Fortunato, Santo},
	journal={Physical Review E},
	volume={80},
	number={1},
	pages={016118},
	year={2009},
	publisher={APS},
	note = { \\ \url{https://arxiv.org/abs/0904.3940} }
}

@article{Lancichinetti08,
  title={Benchmark graphs for testing community detection algorithms},
  author={Lancichinetti, Andrea and Fortunato, Santo and Radicchi, Filippo},
  journal={Physical review E},
  volume={78},
  number={4},
  pages={046110},
  year={2008},
  publisher={APS},
  URL = {http://www.arxiv.org/abs/0805.4770},
  note = { \\ \url{http://www.arxiv.org/abs/0805.4770} }
}

@article{ugander2011anatomy,
  title={The anatomy of the facebook social graph},
  author={Ugander, Johan and Karrer, Brian and Backstrom, Lars and Marlow, Cameron},
  journal={arXiv preprint arXiv:1111.4503},
  year={2011},
  note = { \\ \url{http://arxiv.org/abs/1111.4503} }
}

@article{gleich2011neighborhoods,
	title={Neighborhoods are good communities},
	author={Gleich, David and Seshadhri, C},
	journal={arXiv preprint arXiv:1112.0031},
	year={2011},
	note = { \\ \url{http://arxiv.org/abs/1112.0031} }
}

@article{Lancichinetti10,
  title={Community detection algorithms: a comparative analysis},
  author={Lancichinetti, Andrea and Fortunato, Santo},
  journal={Physical review E},
  volume={80},
  number={5},
  pages={056117},
  year={2009},
  publisher={APS},
  URL = {http://www.arxiv.org/abs/0908.1062},
  note = { \\ \url{http://www.arxiv.org/abs/0908.1062} }
}

@article{palla2005uncovering,
	title={Uncovering the overlapping community structure of complex networks in nature and society},
	author={Palla, Gergely and Der{\'e}nyi, Imre and Farkas, Ill{\'e}s and Vicsek, Tam{\'a}s},
	journal={Nature},
	volume={435},
	number={7043},
	pages={814--818},
	year={2005},
	publisher={Nature Publishing Group},
	note = { \\ \url{http://cfinder.org/wiki/papers/communitylettm.pdf} }
}

@article{Newman06,
  title={Finding community structure in networks using the eigenvectors of matrices},
  author={Newman, Mark EJ},
  journal={Physical review E},
  volume={74},
  number={3},
  pages={036104},
  year={2006},
  publisher={APS},
  URL = {http://arxiv.org/abs/physics/0605087},
  note = { \\ \url{http://arxiv.org/abs/physics/0605087} }
}

@article{Raghavan07,
  title={Near linear time algorithm to detect community structures in large-scale networks},
  author={Raghavan, Usha Nandini and Albert, R{\'e}ka and Kumara, Soundar},
  journal={Physical Review E},
  volume={76},
  number={3},
  pages={036106},
  year={2007},
  publisher={APS},
  URL = {http://www.arxiv.org/abs/0709.2938},
  note = { \\ \url{http://www.arxiv.org/abs/0709.2938} }
}

@article{airoldi2008mixed,
	title={Mixed membership stochastic blockmodels},
	author={Airoldi, Edoardo M and Blei, David M and Fienberg, Stephen E and Xing, Eric P},
	journal={Journal of Machine Learning Research},
	volume={9},
	number={Sep},
	pages={1981--2014},
	year={2008},
	note = { \\ \url{http://www.arxiv.org/abs/0709.2938} }
}

@article{Fortunato10,
  title={Community detection in graphs},
  author={Fortunato, Santo},
  journal={Physics Reports},
  volume={486},
  number={3},
  pages={75--174},
  year={2010},
  publisher={Elsevier},
  URL = {http://www.arxiv.org/abs/0906.0612},
  note = { \\ \url{http://www.arxiv.org/abs/0906.0612} }
}

@article{Rosvall07,
  title={Maps of random walks on complex networks reveal community structure},
  author={Rosvall, Martin and Bergstrom, Carl T},
  journal={Proceedings of the National Academy of Sciences},
  volume={105},
  number={4},
  pages={1118--1123},
  year={2008},
  publisher={National Acad Sciences},
  URL = {http://www.arxiv.org/abs/0707.0609},
  note = { \\ \url{http://www.arxiv.org/abs/0707.0609} }
}

@article{Clauset04,
  title={Finding community structure in very large networks},
  author={Clauset, Aaron and Newman, Mark EJ and Moore, Cristopher},
  journal={Physical review E},
  volume={70},
  number={6},
  pages={066111},
  year={2004},
  publisher={APS},
  URL = {http://www.arxiv.org/abs/cond-mat/0408187},
  note = { \\ \url{http://www.arxiv.org/abs/cond-mat/0408187} }
}

@article{lin2007projected,
	title={Projected gradient methods for nonnegative matrix factorization},
	author={Lin, Chih-Jen},
	journal={Neural computation},
	volume={19},
	number={10},
	pages={2756--2779},
	year={2007},
	publisher={MIT Press},
	note = { \\ \url{http://ntur.lib.ntu.edu.tw/bitstream/246246/20060927122855117716/1/pgradnmf.pdf} }
	
}

@article{xie2013overlapping,
	title={Overlapping community detection in networks: The state-of-the-art and comparative study},
	author={Xie, Jierui and Kelley, Stephen and Szymanski, Boleslaw K},
	journal={Acm computing surveys (csur)},
	volume={45},
	number={4},
	pages={43},
	year={2013},
	publisher={ACM},
	note = { \\ \url{https://arxiv.org/abs/1110.5813}}
}

@article{lancichinetti2009detecting,
	title={Detecting the overlapping and hierarchical community structure in complex networks},
	author={Lancichinetti, Andrea and Fortunato, Santo and Kert{\'e}sz, J{\'a}nos},
	journal={New Journal of Physics},
	volume={11},
	number={3},
	pages={033015},
	year={2009},
	publisher={IOP Publishing},
	note = { \\ \url{https://arxiv.org/abs/0802.1218}}
}

@incollection{Pascal05,
  title={Computing communities in large networks using random walks},
  author={Pons, Pascal and Latapy, Matthieu},
  booktitle={Computer and Information Sciences-ISCIS 2005},
  pages={284--293},
  year={2005},
  publisher={Springer},
  URL = {http://arxiv.org/abs/physics/0512106v1},
  note = { \\ \url{http://arxiv.org/abs/physics/0512106v1} }
}

@book{Kleinberg10,
  title={Networks, crowds, and markets: Reasoning about a highly connected world},
  author={Easley, David and Kleinberg, Jon},
  year={2010},
  publisher={Cambridge University Press}
}

@article{Girvan02,
  title={Community structure in social and biological networks},
  author={  Mark EJ},
  journal={Proceedings of the National Academy of Sciences},
  volume={99},
  number={12},
  pages={7821--7826},
  year={2002},
  publisher={National Acad Sciences},
  
  note = { \\ \url{http://www.santafe.edu/media/workingpapers/01-12-077.pdf} }
}

@article{rus,
  title={Алгоритм выделения сообществ в социальных сетях},
  author={Коломейченко, Максим Игоревич and Чеповский, Александр Андреевич and Чеповский, Андрей Михайлович and Саляева, МС and Визгунов, АН and van der Aalst, W},
  journal={Фундаментальная и прикладная математика},
  volume={19},
  number={1},
  pages={21--32},
  year={2014},
  publisher={Московский государственный университет им. МВ Ломоносова},
  URL={http://mech.math.msu.su/~fpm/ps/k14/k141/k14103.pdf},
  note = { \\ \url{http://mech.math.msu.su/~fpm/ps/k14/k141/k14103.pdf} }
}

@article{Dongen00,
  title={Performance criteria for graph clustering and Markov cluster experiments},
  author={Dongen, Stijn},
  year={2000},
  publisher={CWI (Centre for Mathematics and Computer Science)},
  URL = {http://citeseerx.ist.psu.edu/viewdoc/download?doi=10.1.1.26.9783&rep=rep1&type=pdf},
  note = { \\ \url{http://citeseerx.ist.psu.edu/viewdoc/download?doi=10.1.1.26.9783&rep=rep1&type=pdf} }
}

@article{Martelot12,
  title={Fast multi-scale detection of relevant communities in large-scale networks},
  author={Le Martelot, Erwan and Hankin, Chris},
  journal={The Computer Journal},
  pages={bxt002},
  year={2013},
  publisher={Br Computer Soc},
  URL = {http://comjnl.oxfordjournals.org/content/56/9/1136.full.pdf?keytype=ref&ijkey=Eqs2wpLhn8ZDmvA},
  note = { \\ \url{http://comjnl.oxfordjournals.org/content/56/9/1136.full.pdf?keytype=ref&ijkey=Eqs2wpLhn8ZDmvA} }
}

@article{rosvall2009map,
  title={The map equation},
  author={Rosvall, Martin and Axelsson, Daniel and Bergstrom, Carl T},
  journal={The European Physical Journal-Special Topics},
  volume={178},
  number={1},
  pages={13--23},
  year={2009},
  publisher={Springer}
}

@article{Blondel08,
  title={Fast unfolding of communities in large networks},
  author={Blondel, Vincent D and Guillaume, Jean-Loup and Lambiotte, Renaud and Lefebvre, Etienne},
  journal={Journal of Statistical Mechanics: Theory and Experiment},
  volume={2008},
  number={10},
  pages={P10008},
  year={2008},
  publisher={IOP Publishing},
  URL = {http://www.arxiv.org/abs/0803.0476},
  note = { \\ \url{http://www.arxiv.org/abs/0803.0476} }
}

@article{ward1963hierarchical,
  title={Hierarchical grouping to optimize an objective function},
  author={Ward Jr, Joe H},
  journal={Journal of the American statistical association},
  volume={58},
  number={301},
  pages={236--244},
  year={1963},
  publisher={Taylor \& Francis},
  URL = {http://iv.slis.indiana.edu/sw/data/ward.pdf},
  note = { \\ \url{http://iv.slis.indiana.edu/sw/data/ward.pdf} }
}

@inproceedings{mislove2007measurement,
  title={Measurement and analysis of online social networks},
  author={Mislove, Alan and Marcon, Massimiliano and Gummadi, Krishna P and Druschel, Peter and Bhattacharjee, Bobby},
  booktitle={Proceedings of the 7th ACM SIGCOMM conference on Internet measurement},
  pages={29--42},
  year={2007},
  organization={ACM}
}

@misc{igraph,
  title = {igraph for python},
  year = 2015,
  url = {http://igraph.org/python/},
  urldate = {2015-04-26},
  note = { \\ \url{http://igraph.org/python/} 2015-04-26}
}

@misc{kaggle,
  title = {Learning Social Circles in Networks competition},
  year = 2014,
  url = {https://www.kaggle.com/c/learning-social-circles},
  urldate = {2015-04-26},
  note = { \\ \url{https://www.kaggle.com/c/learning-social-circles} 2015-04-26}
}